
@Inbook{Wu2013,
    author="Wu, Yufeng",
    editor="Deng, Minghua
    and Jiang, Rui
    and Sun, Fengzhu
    and Zhang, Xuegong",
    title="An Algorithm for Constructing Parsimonious Hybridization Networks with Multiple Phylogenetic Trees",
    bookTitle="Research in Computational Molecular Biology: 17th Annual International Conference, RECOMB 2013, Beijing, China, April 7-10, 2013. Proceedings",
    year="2013",
    publisher="Springer Berlin Heidelberg",
    address="Berlin, Heidelberg",
    pages="291--303",
}

@book{Huson:2011:PNC:1971979,
    author = {Huson, Daniel H. and Rupp, Regula and Scornavacca, Celine},
    title = {Phylogenetic Networks: Concepts, Algorithms and Applications},
    year = {2011},
    publisher = {Cambridge University Press},
    address = {New York, NY, USA},
} 

@Article{Cardona2008,
    author="Cardona, Gabriel and Rossell{\'o}, Francesc and Valiente, Gabriel",
    title="Extended Newick: it is time for a standard representation of phylogenetic networks",
    journal="BMC Bioinformatics",
    year="2008",
    volume="9",
    number="1",
    pages="532",
}

@Inbook{Ulyantsev2015,
    author="Ulyantsev, Vladimir and Melnik, Mikhail",
    editor="Dediu, Adrian-Horia and Hern{\'a}ndez-Quiroz, Francisco
    and Mart{\'i}n-Vide, Carlos
    and Rosenblueth, David A.",
    title="Constructing Parsimonious Hybridization Networks from Multiple Phylogenetic Trees Using a SAT-Solver",
    bookTitle="Algorithms for Computational Biology: Second International Conference, AlCoB 2015, Mexico City, Mexico, August 4-5, 2015, Proceedings",
    year="2015",
    publisher="Springer International Publishing",
    address="Cham",
    pages="141--153",
}



@online{wiki:newick,
  author       = "Wikipedia",
  title        = "Newick format",
  url          = {https://en.wikipedia.org/wiki/Newick_format},
  language     = "english"
}

@article{Bordewich2007914,
    title = "Computing the minimum number of hybridization events for a consistent evolutionary history ",
    journal = "Discrete Applied Mathematics ",
    volume = "155",
    number = "8",
    pages = "914 - 928",
    year = "2007",
    author = "Magnus Bordewich and Charles Semple",
}

@unpublished{ediss19444,
    year = {2016},
    publisher = {Ludwig-Maximilians-Universit{\"a}t M{\"u}nchen},
    month = {April},
    author = {Benjamin Albrecht},
    title = {Computing hybridization networks using agreement forests},
    url = {http://nbn-resolving.de/urn:nbn:de:bvb:19-194445}
}
